@article{lange2007teaching,
  author = {Carsten Lange and Amy L. Baylor},
  title = {Teaching the Repeated Prisoner's Dilemma With a Computerized Tournament},
  journal = {The Journal of Economic Education},
  volume = {38},
  number = {4},
  pages = {407--418},
  year = {2007},
  doi = {10.3200/JECE.38.4.407-418},
  url = {https://doi.org/10.3200/JECE.38.4.407-418}
}
@article{farrell1988evolutionary,
  author = {Joseph Farrell and Roger Ware},
  title = {Evolutionary Stability in the Repeated Prisoner’s Dilemma},
  journal = {Journal of Economic Theory},
  volume = {47},
  number = {1},
  pages = {1--12},
  year = {1989},
  note = {Received June 27, 1988}
}

@article{kreps1982rational,
  author = {David M. Kreps and Paul Milgrom and John Roberts and Robert Wilson},
  title = {Rational Cooperation in the Finitely Repeated Prisoners’ Dilemma},
  journal = {Journal of Economic Theory},
  volume = {27},
  number = {2},
  pages = {245--252},
  year = {1982},
  note = {Received July 8, 1981}
}


@article{romero2018constructing,
  author = {Julian Romero and Yaroslav Rosokha},
  title = {Constructing strategies in the indefinitely repeated prisoner’s dilemma game},
  journal = {European Economic Review},
  volume = {104},
  pages = {185--219},
  year = {2018},
  doi = {10.1016/j.euroecorev.2018.02.008},
  url = {https://doi.org/10.1016/j.euroecorev.2018.02.008}
}

@article{dalbo2019strategy,
  author = {Pedro Dal Bó and Guillaume R. Fréchette},
  title = {Strategy Choice in the Infinitely Repeated Prisoner’s Dilemma},
  journal = {American Economic Review},
  volume = {109},
  number = {11},
  pages = {3929--3952},
  year = {2019},
  doi = {10.1257/aer.20181480},
  url = {https://doi.org/10.1257/aer.20181480}
}


@article{breitmoser2015cooperation,
  author = {Yves Breitmoser},
  title = {Cooperation, but No Reciprocity: Individual Strategies in the Repeated Prisoner’s Dilemma},
  journal = {American Economic Review},
  volume = {105},
  number = {9},
  pages = {2882--2910},
  year = {2015},
  doi = {10.1257/aer.20130675},
  url = {http://dx.doi.org/10.1257/aer.20130675}
}


@article{gaudesi2016exploiting,
  author = {Marco Gaudesi and Elio Piccolo and Giovanni Squillero and Alberto Tonda},
  title = {Exploiting Evolutionary Modeling to Prevail in Iterated Prisoner’s Dilemma Tournaments},
  journal = {IEEE Transactions on Computational Intelligence and AI in Games},
  volume = {8},
  number = {3},
  pages = {235--247},
  year = {2016},
  month = {September}
}

@article{garcia2018no,
  author = {Jorge García and Max van Veelen},
  title = {No Strategy Can Win in the Repeated Prisoner’s Dilemma: Linking Game Theory and Computer Simulations},
  journal = {Frontiers in Robotics and AI},
  volume = {5},
  pages = {102},
  year = {2018},
  doi = {10.3389/frobt.2018.00102},
  url = {https://doi.org/10.3389/frobt.2018.00102}
}


@article{embrey2017cooperation,
  author = {Matthew Embrey and Guillaume R. Fréchette and Sevgi Yuksel},
  title = {Cooperation in the Finitely Repeated Prisoner’s Dilemma},
  journal = {The Quarterly Journal of Economics},
  volume = {133},
  number = {2},
  pages = {509--551},
  year = {2018},
  doi = {10.1093/qje/qjx033},
  url = {https://doi.org/10.1093/qje/qjx033},
  note = {Advance Access publication on August 26, 2017}
}

